@misc{rulebook_2018,
  author =       {Matamoros, Mauricio AND Rascon, Caleb AND Hart, Justin AND
                  Holz, Dirk AND van Beek, Loy },
  title =        {RoboCup@Home 2018: Rules and Regulations},
  year =         {2018},
  howpublished = {\url{http://www.robocupathome.org/rules/2018_rulebook.pdf}},
}
